<?xml version="1.0" encoding="UTF-8"?><collection><record><leader>10679ntm a2200673 a 4500</leader><controlfield tag="001">006796603</controlfield><controlfield tag="003">MiAaHDL</controlfield><controlfield tag="005">20190719000000.0</controlfield><controlfield tag="006">m        d        </controlfield><controlfield tag="007">cr bn ---auaua</controlfield><controlfield tag="008">090526m14691520tu            00| ||ara d</controlfield><datafield tag="035" ind1=" " ind2=" "><subfield code="a">(MiU)006796603</subfield></datafield><datafield tag="035" ind1=" " ind2=" "><subfield code="a">sdr-miu006796603</subfield></datafield><datafield tag="040" ind1=" " ind2=" "><subfield code="a">MiU</subfield><subfield code="c">MiU</subfield><subfield code="e">amremm</subfield></datafield><datafield tag="043" ind1=" " ind2=" "><subfield code="a">n-us-mi</subfield></datafield><datafield tag="100" ind1="1" ind2=" "><subfield code="6">880-01</subfield><subfield code="a">Taftāzānī, Masʻūd ibn ʻUmar,</subfield><subfield code="d">1322-1389?</subfield></datafield><datafield tag="245" ind1="1" ind2="0"><subfield code="6">880-03</subfield><subfield code="a">[Sharḥ al-ʻAqāʼid al-Nasafīyah ... etc.,</subfield><subfield code="f">873, i.e. 1469 and early 16th century].</subfield></datafield><datafield tag="246" ind1="3" ind2=" "><subfield code="i">Title from 'title page' on p.185:</subfield><subfield code="a">شرح عقايد</subfield></datafield><datafield tag="260" ind1=" " ind2=" "><subfield code="a">[Merzifon, etc.,</subfield><subfield code="c">1469-1520].</subfield></datafield><datafield tag="300" ind1=" " ind2=" "><subfield code="a">146 leaves :</subfield><subfield code="b">paper ;</subfield><subfield code="c">203 x 126 (133-156 x 66-81) mm.</subfield></datafield><datafield tag="500" ind1=" " ind2=" "><subfield code="a">Shelfmark: Ann Arbor, University of Michigan, Special Collections Library, Isl. Ms. 251</subfield></datafield><datafield tag="500" ind1=" " ind2=" "><subfield code="a">Origin: As appears in colophon on p.293, second work copied by Aḥmad ibn Akhī Ṭawī [?] (Ahmet b. Akhitovi) with transcription finished in Merzifon, first of Shawwāl 873 [April 1469]. First work likely composed and copied in the early part of the 16th century.</subfield></datafield><datafield tag="500" ind1=" " ind2=" "><subfield code="a">Former shelfmark: "363 T. De M. [i.e. Tammaro De Marinis" inscribed in pencil on recto of front flyleaf (p.1) ; "73" inscribed in pencil on opening 'title page' (p.4) ; "٢٢٩" on spine label.</subfield></datafield><datafield tag="500" ind1=" " ind2=" "><subfield code="a">Binding: Pasteboards faced in light brown leather and edged in brown leather (leather edged framed binding) ; Type II binding (with flap, now lost) ; doublures in dark red leather with tooled border (over leather edging in dark red-brown leather) and central gold-painted diamond-shaped piece ; upper and lower covers carry large scalloped stamped (dark red leather onlays) and gold-painted mandorla (filled with vegetal decoration, compare Déroche class. OAi 9) and pendants, along with tooled border in a seires of tiny s-shaped stamps flanked by fillets over leather edging ; sewn in salmon colored thread, two stations ; worked chevron endbands in blue and yellow on salmon primaries, good condition ; overall in somewhat poor condition with flap entirely lost, abrasion, staining, lifting and losses of leather, etc. ; repairs in dark red-brown leather (rebacked, rehinged, partial edging for delaminating boards).</subfield></datafield><datafield tag="500" ind1=" " ind2=" "><subfield code="a">Support: non-European laid paper of at least two types ; opening work on type with 9 laid lines per cm. (horizontal or vertical, quite indistinct) and chain lines rarely visible, medium cream in color, sturdy and well-burnished (burnisher's marks visible) ; second work on type with 8 laid lines per cm. (vertical) and chain lines (horizontal) grouped in threes with 10-12 mm. between chains and 41-42 mm. between groups, sturdy and well-burnished, some leaves tinted pink, others yellow ; minor pest damage, staining and tide lines.</subfield></datafield><datafield tag="500" ind1=" " ind2=" "><subfield code="a">Decoration: Elegant illuminated headpiece (ʻunwān) at opening of first work on p.4 consisting of rectangular piece (with cartouche likely once carrying basmalah) surmounted by scalloped semi-circular piece (dome), the upper portion of which has been lost to trimming ; both pieces are filled with a swirling vegetal pattern on fields of blue and gold ; keywords (in preface and close) chrysographed ; Qurʼānic text and section headings rubricated ; textual divders in the form of gold discs ; written area surrounded by frame consisting of heavy gold bank flanked by black fillets ; fine illuminated headpiece (ʻunwān) at opening of second work on p.186, consisting of rectangular panel carrying basmalah in gold in an elongated cartouche surrounded by field of blue, all overlaid with vegetal decoration reminiscent of arabesque and bordered in gold interlace with green and red accents ; text being commented upon chrysographed (apart from third to final and next to final leaf where matn is either rubricated or overlined in red) ; symbols rubricated ; written area surrounded mainly by gold rule-border, with gold and blue rules on incipit and facing page (pp.186-87) and red rule-border instead on third to final leaf (pp.289-90).</subfield></datafield><datafield tag="500" ind1=" " ind2=" "><subfield code="a">Script: Naskh ; two fine Turkish hands, with each work in a distinct hand ; opening work in an elegant naskh, partially but inconsistently seriffed (mainly on lām of definite article, but not on free-standing alif), with very slight effect of tilt to the left, pointing in distinct dots with two dots occasionally positioned one above the other, shaqq of kāf elongated, في often written with yāʼ mardūdah ; second work in another elegant naskh, similar to the first hand but more compact, with more closed counters and dots often contracted to lines, partially seriffed with right-sloping head-serifs appearing on free-standing alif, some letters and words superscript ; hand slightly changes at close of second work ; both works partially vocalized.</subfield></datafield><datafield tag="500" ind1=" " ind2=" "><subfield code="a">Layout: Written in 15 and and 17 lines per page ; frame-ruled.</subfield></datafield><datafield tag="500" ind1=" " ind2=" "><subfield code="a">Collation: i, IV-1 (7), 10 IV(87), II (91), V-1 (100), V (110), IV (118), V (128), IV (136), IV+2 (146) ; quinions and quaternions ; catchwords present ; pagination in pencil, Western numerals, supplied during digitization (includes front flyleaf).</subfield></datafield><datafield tag="500" ind1=" " ind2=" "><subfield code="a">Dedication: As appears in preface (pp.6-8), Sharḥ Sūrat al-Anʻām dedicated to Sultan Selim I (r.1512-20).</subfield></datafield><datafield tag="500" ind1=" " ind2=" "><subfield code="a">Colophon: [Sharḥ Sūrat al-Anʻām] "Authorial" and "Scribal" [?], reads: "تمت قد استارح من اصول هذا السواد الى البياض رجاء حصول وجوه البياض في الوجوه يوم تبيض وجوه وتسود وجوه خادم العلماء حافظ سلطان محمد ابن مولانا بايزيد التاشكندي صانه الله عن جميع الافات والبليات وصلى الله على محمد وعلى آله وتابعيه آمين" ; [Sharḥ al-ʻAqāʼid al-Nasafīyah] "Scribal," reads: "تمت الكتاب وحسن توفيقه [كذا] على يد الضعيف الفقير الحقير المذنب المحتاج الى رحمة الله تع وغفرانه احمد بن اخى طوى في بلدة مرزيفون من اول شهر شوال تاريخ سنه ثلث وسبعين وثمانمائة اللهم اغفر لمن نظر متن [؟] النسخة ودعاء لكاتبه امين يا رب العالمين تم تم"</subfield></datafield><datafield tag="500" ind1=" " ind2=" "><subfield code="a">Explicit: [Sharḥ Sūrat al-Anʻām] "فمن قرأ الانعام صلى عليه واستغفر اولئك السبعون ملك بعدد كل آية من سورة الانعام يوما وليلة والحمد لله على انعام شرح سورة الانعام والشكر له على مزيد الانعام والاتمام والصلوة على نبيه محمد عليه الصلوة والسلام" ; [Sharḥ al-ʻAqāʼid al-Nasafīyah] "والكمال فلا دلالة على افضلية الملائكة"</subfield></datafield><datafield tag="500" ind1=" " ind2=" "><subfield code="a">Incipit: [Sharḥ Sūrat al-Anʻām] "الحمد لله الذي خلق السماوات والارض وجعل الظلمات والنور وبعث رسوله بقرآن هو شفاء لما في الصدور صلى الله عليه وعلى آله واصحابه البدور اما بعد فقد سألني جمع من الاكابر والاصاغر ممن لا يسعني مخالفتهم ان افسر آيات سورة الانعام على وجه يتضح به المرام عند الانام فاجبته سائلا متضرعا ان ينفع به كما نفع من سائر التفاسير ..." ; [Sharḥ al-ʻAqāʼid al-Nasafīyah] "الحمد لله المتوحد بجلال ذاته وكمال صفاته المتقدس في نعوت الجبروت عن شوائب النقص وسماته ... وبعد فان مبنى علم الشرائع والاحكام واساس قواعد عقائد الاسلام هو علم التوحيد والصفات الموسوم بالكلام ... وان المختصر المسمى بالعقائد للامام الهمام قدوة علماء الاسلام نجم الملة والدين عمر النسفي اعلى الله درجته في دار السلام يشتمل من هذا الفن غلى غرر الفرائد ودرر الفوائد في ضمن فصول هي للدين قواعد واصول ..."</subfield></datafield><datafield tag="500" ind1=" " ind2=" "><subfield code="a">Title supplied by cataloguer.</subfield></datafield><datafield tag="500" ind1=" " ind2=" "><subfield code="a">Ms. codex.</subfield></datafield><datafield tag="505" ind1="0" ind2=" "><subfield code="a">4. p.185-p.293 : [Sharḥ al-ʻAqāʼid al-Nasafīyah] / Masʻūd ibn ʻUmar al-Taftāzānī.</subfield></datafield><datafield tag="505" ind1="0" ind2=" "><subfield code="a">3. p.179-p.184 : [blank].</subfield></datafield><datafield tag="505" ind1="0" ind2=" "><subfield code="a">2. p.4-p.178 : Sharḥ Sūrat al-Anʻām / Muḥammad ibn Bāyazīd al-Tāshkandī.</subfield></datafield><datafield tag="505" ind1="0" ind2=" "><subfield code="a">1. p.1-p.3 : [blank].</subfield></datafield><datafield tag="510" ind1="4" ind2=" "><subfield code="a">Brockelmann, C. GAL,</subfield><subfield code="c">II 215-16, no.11 ; I 427</subfield></datafield><datafield tag="520" ind1="8" ind2=" "><subfield code="a">Fine copy of al-Taftāzānī's commentary on the popular creed, al-ʻAqāʼid al-Nasafīyah of Abū Ḥafs ʻUmar Najm al-Dīn al-Māturīdī al-Nasafī (d. 537/1142), preceded by a commentary on Sūrat al-Anʻām (6) by Ḥāfiẓ Sulṭān Muḥammad ibn Mawlānā Bāyazīd al-Tāshkandī (Hafız Sultan Mehmet b. Mevlana Beyazit et-Taşkendi).</subfield></datafield><datafield tag="538" ind1=" " ind2=" "><subfield code="a">Mode of access: Internet.</subfield></datafield><datafield tag="541" ind1=" " ind2=" "><subfield code="c">Purchase ;</subfield><subfield code="a">Acquired by purchase (funds donated by Horace Rackham).</subfield><subfield code="d">1924.</subfield></datafield><datafield tag="546" ind1=" " ind2=" "><subfield code="a">Arabic.</subfield></datafield><datafield tag="561" ind1=" " ind2=" "><subfield code="a">Inscriptions in pencil on recto of front flyleaf (p.1) "363 T. De M. [i.e. Tammaro De Marinis" and opening 'title page' (p.4) "73 " ; effaced almond-shaped seal impression appears on 'title page' for second work (p.185) and at close on p.293 ; some glosses ; some notes and marginalia effaced with gold paint (see p.69, 71, 185).</subfield></datafield><datafield tag="600" ind1="1" ind2="0"><subfield code="a">Nasafī, ʻUmar ibn Muḥammad,</subfield><subfield code="d">1068?-1142.</subfield><subfield code="t">ʻAqāʼid.</subfield></datafield><datafield tag="630" ind1="0" ind2="0"><subfield code="a">Qurʼan.</subfield><subfield code="p">Sūrat al-Anʻām</subfield><subfield code="v">Commentaries.</subfield></datafield><datafield tag="650" ind1=" " ind2="0"><subfield code="a">Manuscripts, Arabic</subfield><subfield code="z">Michigan</subfield><subfield code="z">Ann Arbor.</subfield></datafield><datafield tag="650" ind1=" " ind2="0"><subfield code="a">Islam</subfield><subfield code="x">Doctrines</subfield><subfield code="v">Early works to 1800.</subfield></datafield><datafield tag="655" ind1=" " ind2="7"><subfield code="a">Headpieces (layout features)</subfield><subfield code="y">16th century.</subfield><subfield code="2">aat</subfield></datafield><datafield tag="655" ind1=" " ind2="7"><subfield code="a">Headpieces (layout features)</subfield><subfield code="y">15th century.</subfield><subfield code="2">aat</subfield></datafield><datafield tag="700" ind1="0" ind2=" "><subfield code="a">Abdülhamid</subfield><subfield code="b">II,</subfield><subfield code="c">Sultan of the Turks,</subfield><subfield code="d">1842-1918,</subfield><subfield code="e">former owner.</subfield></datafield><datafield tag="700" ind1="0" ind2=" "><subfield code="6">880-05</subfield><subfield code="a">Aḥmad ibn Akhī Ṭawī,</subfield><subfield code="d">fl. 1469,</subfield><subfield code="e">scribe.</subfield></datafield><datafield tag="700" ind1="0" ind2="2"><subfield code="6">880-04</subfield><subfield code="a">Muḥammad ibn Bāyazīd al-Tāshkandī,</subfield><subfield code="d">fl. 16th cent.</subfield><subfield code="t">Sharḥ Sūrat al-Anʻām.</subfield></datafield><datafield tag="773" ind1="0" ind2=" "><subfield code="a">Abdul Hamid Collection.</subfield></datafield><datafield tag="880" ind1="0" ind2=" "><subfield code="6">700-05/</subfield><subfield code="a">احمد بن اخي طوي،</subfield><subfield code="e">ناسخ.</subfield></datafield><datafield tag="880" ind1="0" ind2="2"><subfield code="6">700-04/</subfield><subfield code="a">محمد بن بايزيد التاشكندي.</subfield><subfield code="t">شرح سورة الانعام.</subfield></datafield><datafield tag="880" ind1="1" ind2="0"><subfield code="6">245-03/</subfield><subfield code="a">[شرح العقائد النسفية ... الخ,</subfield><subfield code="f">873ه, 1469م و اوائل القرن 16م].</subfield></datafield><datafield tag="880" ind1="1" ind2=" "><subfield code="6">100-01/</subfield><subfield code="a">تفتازاني, مسعود بن عمر.</subfield></datafield><datafield tag="CID" ind1=" " ind2=" "><subfield code="a">006796603</subfield></datafield><datafield tag="DAT" ind1="0" ind2=" "><subfield code="a">20190719102636.0</subfield><subfield code="b">20190719000000.0</subfield></datafield><datafield tag="DAT" ind1="1" ind2=" "><subfield code="a">20190719090653.0</subfield><subfield code="b">2019-07-19T16:11:38Z</subfield></datafield><datafield tag="DAT" ind1="2" ind2=" "><subfield code="a">2015-10-02T18:00:03Z</subfield></datafield><datafield tag="CAT" ind1=" " ind2=" "><subfield code="a">SDR-MIU</subfield><subfield code="d">EX LIBRIS - ALEPH</subfield><subfield code="l">prepare.pl-004-008</subfield></datafield><datafield tag="FMT" ind1=" " ind2=" "><subfield code="a">BK</subfield></datafield><datafield tag="HOL" ind1=" " ind2=" "><subfield code="0">sdr-miu006796603</subfield><subfield code="a">MiU</subfield><subfield code="b">SDR</subfield><subfield code="c">MIU</subfield><subfield code="p">mdp.39015079126838</subfield><subfield code="s">MIU</subfield><subfield code="1">006796603</subfield></datafield><datafield tag="974" ind1=" " ind2=" "><subfield code="b">MIU</subfield><subfield code="c">MIU</subfield><subfield code="d">20190719</subfield><subfield code="s">lit-dlps-dc</subfield><subfield code="u">mdp.39015079126838</subfield><subfield code="y">1520</subfield><subfield code="r">pd</subfield><subfield code="q">bib</subfield><subfield code="t">non-US bib date2, date type m &lt; 1896</subfield></datafield></record></collection>